@techreport{label1,
    author      = "Edgar Xavier Ample",
    title       = "Foo",
    institution = "Foxford University",
    year        = "3000"
}

@misc{label2,
    author          = {{Mathias Ose}},
    title           = "ma.thiaso.se",
    year            = "2014",
    howpublished    = "\url{http://ma.thiaso.se/}"
}
